<record><leader>00000cas a22000007a 4500</leader><controlfield tag="001">13018799</controlfield><controlfield tag="008">860114d18941923utuwr ne      0    0eng d</controlfield><datafield ind1=" " ind2=" " tag="010"><subfield code="a">sn 86091010 </subfield></datafield><datafield ind1=" " ind2=" " tag="040"><subfield code="a">UNP</subfield><subfield code="b">eng</subfield><subfield code="c">UNP</subfield><subfield code="d">OCLCQ</subfield><subfield code="d">UBY</subfield><subfield code="d">OCLCQ</subfield><subfield code="d">OCLCF</subfield><subfield code="d">OCLCO</subfield></datafield><datafield ind1=" " ind2=" " tag="042"><subfield code="a">msc</subfield></datafield><datafield ind1=" " ind2=" " tag="043"><subfield code="a">n-us-ut</subfield></datafield><datafield ind1=" " ind2="4" tag="050"><subfield code="a">AN2.U8</subfield><subfield code="b">T66</subfield></datafield><datafield ind1="0" ind2=" " tag="130"><subfield code="a">Tooele transcript (Tooele, Utah : 1894)</subfield></datafield><datafield ind1="1" ind2="4" tag="245"><subfield code="a">The Tooele transcript.</subfield></datafield><datafield ind1=" " ind2=" " tag="260"><subfield code="a">Tooele, Utah :</subfield><subfield code="b">Beesley &amp; Gabriel,</subfield><subfield code="c">-1923.</subfield></datafield><datafield ind1=" " ind2=" " tag="300"><subfield code="a">v. :</subfield><subfield code="b">ill.</subfield></datafield><datafield ind1=" " ind2=" " tag="310"><subfield code="a">Weekly</subfield></datafield><datafield ind1="1" ind2=" " tag="362"><subfield code="a">Began with June 29, 1894 issue.</subfield><subfield code="z">Cf. Alter, J.C. Early Utah journalism.</subfield></datafield><datafield ind1="0" ind2=" " tag="362"><subfield code="a">-v. 28, no. 19 (Nov. 2, 1923).</subfield></datafield><datafield ind1=" " ind2=" " tag="500"><subfield code="a">Published in Salt Lake City, Utah, June-July 1894; in Tooele, Utah thereafter. Cf. Alter, J.C. Early Utah journalism.</subfield></datafield><datafield ind1=" " ind2=" " tag="580"><subfield code="a">Merged with: Tooele bulletin (Tooele, Utah : 1919), to form: Transcript-bulletin.</subfield></datafield><datafield ind1=" " ind2=" " tag="588"><subfield code="a">Description based on: Vol. 1, no. 9 (Sept. 7, 1894).</subfield></datafield><datafield ind1=" " ind2="0" tag="651"><subfield code="a">Tooele (Utah)</subfield><subfield code="v">Newspapers.</subfield></datafield><datafield ind1=" " ind2="0" tag="651"><subfield code="a">Tooele County (Utah)</subfield><subfield code="v">Newspapers.</subfield></datafield><datafield ind1=" " ind2="7" tag="655"><subfield code="a">Newspapers.</subfield><subfield code="2">fast</subfield><subfield code="0">(OCoLC)fst01423814</subfield></datafield><datafield ind1=" " ind2="7" tag="651"><subfield code="a">Utah</subfield><subfield code="z">Tooele.</subfield><subfield code="2">fast</subfield><subfield code="0">(OCoLC)fst01224269</subfield></datafield><datafield ind1=" " ind2="7" tag="651"><subfield code="a">Utah</subfield><subfield code="z">Tooele County.</subfield><subfield code="2">fast</subfield><subfield code="0">(OCoLC)fst01218433</subfield></datafield><datafield ind1=" " ind2=" " tag="752"><subfield code="a">United States</subfield><subfield code="b">Utah</subfield><subfield code="c">Tooele</subfield><subfield code="d">Tooele.</subfield></datafield><datafield ind1=" " ind2=" " tag="752"><subfield code="a">United States</subfield><subfield code="b">Utah</subfield><subfield code="c">Salt Lake</subfield><subfield code="d">Salt Lake City.</subfield></datafield><datafield ind1="1" ind2="7" tag="785"><subfield code="t">Tooele bulletin (Tooele, Utah : 1919)</subfield><subfield code="w">(DLC)sn 86091411</subfield><subfield code="w">(OCoLC)14116542</subfield></datafield><datafield ind1="1" ind2="7" tag="785"><subfield code="t">Transcript-bulletin</subfield><subfield code="w">(DLC)sn 86091011</subfield><subfield code="w">(OCoLC)13018813</subfield></datafield></record>